<?xml version="1.0" encoding="UTF-8"?><collection xmlns="http://www.loc.gov/MARC21/slim"><record><leader>00360nam--2200133-i-4500</leader><controlfield tag="001">000007824</controlfield><controlfield tag="002">20161230</controlfield><controlfield tag="005">20161230201027</controlfield><controlfield tag="008">060222s1000------------r-----000-0-eng-d</controlfield><datafield ind1=" " ind2=" " tag="100"><subfield code="a">Cline, Barbara Lovett</subfield></datafield><datafield ind1=" " ind2=" " tag="245"><subfield code="a">The questioners: physicists and the quantum th eory</subfield></datafield><datafield ind1=" " ind2=" " tag="260"><subfield code="a">New York, Thomas Y.Crowell Co., 1865</subfield></datafield><datafield ind1=" " ind2=" " tag="490"><subfield code="a">Vii + 274 P</subfield></datafield><datafield ind1=" " ind2=" " tag="852"><subfield code="a">530.145</subfield></datafield></record></collection>